@book {empty_book,
author = {Unknown Author1 and Unknown Author1},
title = {Unknown Title},
address = {Unknown},
year = {2010},
publisher = {Unknown},
keywords = {Unknown},
pages = {XVIII, 372 S.},
edition = {Unknown},
ISBN = {123-4-567-89101-1},
}
