@manual{siemens_ct,
   title  = "Corporate Technology",
   author = "Siemens AG",
   url    = "http://www.siemens.com/innovation/en/home/corporate-technology.html",
   year   = "accessed September 28, 2015"
}

@manual{zolertia_z1_datasheet,
   title  = "Zolertia Z1 Datasheet",
   author = "Zolertia",
   url    = "http://zolertia.sourceforge.net/wiki/images/e/e8/Z1_RevC_Datasheet.pdf",
   year   = "accessed September 29, 2015"
}

@TECHREPORT {coap_7252,
    author      = "IETF",
    title       = "The Constrained Application Protocol (CoAP)",
    institution = "Internet Engineering Task Force (IETF)",
    year        = "2014",
    type        = "Standards Track",
    number      = "7252",
    month       = "jun"
}

@manual{osgi_website,
   title  = "OSGi Alliance",
   author = "OSGi",
   url    = "http://www.osgi.org/Technology/WhatIsOSGi",
   year   = "Accessed September 29, 2015"
}

@TECHREPORT {contiki_coap,
    author      = "Matthias Kovatsch, Simon Duquennoy, Adam Dunkels",
    title       = "A Low-Power CoAP for Contiki",
    institution = "Institute for Pervasive Computing ETH Zurich, Switzerland",
    year        = "2013",
    month       = "jun"
}

@manual{ti_website,
   title  = "Texas Instruments Wiki",
   author = "TI",
   url    = "http://processors.wiki.ti.com/index.php/Contiki-6LOWPAN",
   year   = "Accessed November 04, 2015"
}